@article{apostolico2014postural,
  title={Postural comfort evaluation: experimental identification of Range of Rest Posture for human articular joints},
  author={Apostolico, Alessandro and Cappetti, Nicola and Dâ€™Oria, Carmine and Naddeo, Alessandro and Sestri, Marco},
  journal={International Journal on Interactive Design and Manufacturing (IJIDeM)},
  volume={8},
  number={2},
  pages={109--120},
  year={2014},
  publisher={Springer}
}

@article{naddeo2015proposal,
  title={Proposal of a new quantitative method for postural comfort evaluation},
  author={Naddeo, A and Cappetti, N and D'Oria, C},
  journal={International Journal of Industrial Ergonomics},
  volume={48},
  pages={25--35},
  year={2015},
  publisher={Elsevier}
}

@article{vink2012editorial,
  title={Editorial: Comfort and discomfort studies demonstrate the need for a new model},
  author={Vink, P and Hallbeck, Susan},
  journal={Applied ergonomics},
  volume={43},
  number={2},
  pages={271--276},
  year={2012},
  publisher={Elsevier}
}